<record><leader>00000cas a22000007a 4500</leader><controlfield tag="001">11266809</controlfield><controlfield tag="008">841015d18751920inuwr ne      0    0eng d</controlfield><datafield ind1=" " ind2=" " tag="010"><subfield code="a">sn 84038254 </subfield></datafield><datafield ind1=" " ind2=" " tag="040"><subfield code="a">NPX</subfield><subfield code="b">eng</subfield><subfield code="c">NPX</subfield><subfield code="d">NPI</subfield><subfield code="d">OCLCQ</subfield><subfield code="d">DLC</subfield><subfield code="d">IUL</subfield><subfield code="d">OCLCF</subfield></datafield><datafield ind1="1" ind2=" " tag="029"><subfield code="a">AU@</subfield><subfield code="b">000025819788</subfield></datafield><datafield ind1=" " ind2=" " tag="042"><subfield code="a">msc</subfield></datafield><datafield ind1=" " ind2=" " tag="043"><subfield code="a">n-us-in</subfield></datafield><datafield ind1="0" ind2=" " tag="130"><subfield code="a">Winchester herald (Winchester, Ind.)</subfield></datafield><datafield ind1="1" ind2="0" tag="245"><subfield code="a">Winchester herald.</subfield></datafield><datafield ind1=" " ind2=" " tag="260"><subfield code="a">Winchester, Randolph Co., Ind. :</subfield><subfield code="b">James G. Brice,</subfield><subfield code="c">1875-1920.</subfield></datafield><datafield ind1=" " ind2=" " tag="300"><subfield code="a">46 v. :</subfield><subfield code="b">ill. (chiefly advertisements) ;</subfield><subfield code="c">55-66 cm.</subfield></datafield><datafield ind1=" " ind2=" " tag="310"><subfield code="a">Weekly</subfield></datafield><datafield ind1="0" ind2=" " tag="362"><subfield code="a">Vol. 1, no. 1 (Jan. 2, 1875)-v. 46, no. 10 (Mar. 10, 1920).</subfield></datafield><datafield ind1=" " ind2=" " tag="500"><subfield code="a">Editors: Enos L. Watson, James G. Brice, &lt;1876&gt;; Enos L. Watson, Lee Ault, &lt;1876&gt;.</subfield></datafield><datafield ind1=" " ind2=" " tag="500"><subfield code="a">Publishers: James G. Brice, &lt;1875&gt;; Watson &amp; Brice, &lt;1876&gt;; Watson &amp; Ault, &lt;1876&gt;.</subfield></datafield><datafield ind1=" " ind2=" " tag="500"><subfield code="a">Although the paper claimed to be Independent, it actually supported the Democratic party. Cf. Miller, John W. Indiana newspaper bibliog.</subfield></datafield><datafield ind1=" " ind2=" " tag="500"><subfield code="a">Ayer's later lists the Winchester herald as Republican.</subfield></datafield><datafield ind1=" " ind2=" " tag="580"><subfield code="a">Published also in a daily edition called Winchester daily herald from 1900 to about 1903 and again from 1908 to about 1912.</subfield></datafield><datafield ind1=" " ind2="0" tag="651"><subfield code="a">Winchester (Ind.)</subfield><subfield code="v">Newspapers.</subfield></datafield><datafield ind1=" " ind2="0" tag="651"><subfield code="a">Randolph County (Ind.)</subfield><subfield code="v">Newspapers.</subfield></datafield><datafield ind1=" " ind2="7" tag="651"><subfield code="a">Indiana</subfield><subfield code="z">Randolph County.</subfield><subfield code="2">fast</subfield><subfield code="0">(OCoLC)fst01208877</subfield></datafield><datafield ind1=" " ind2="7" tag="651"><subfield code="a">Indiana</subfield><subfield code="z">Winchester.</subfield><subfield code="2">fast</subfield><subfield code="0">(OCoLC)fst01255182</subfield></datafield><datafield ind1=" " ind2="7" tag="655"><subfield code="a">Newspapers.</subfield><subfield code="2">fast</subfield><subfield code="0">(OCoLC)fst01423814</subfield></datafield><datafield ind1=" " ind2=" " tag="752"><subfield code="a">United States</subfield><subfield code="b">Indiana</subfield><subfield code="c">Randolph</subfield><subfield code="d">Winchester.</subfield></datafield><datafield ind1="1" ind2=" " tag="775"><subfield code="t">Winchester daily herald (Winchester, Ind. : 1900)</subfield><subfield code="w">(DLC)sn 86058554</subfield><subfield code="w">(OCoLC)13640680</subfield></datafield><datafield ind1="1" ind2=" " tag="775"><subfield code="t">Winchester daily herald (Winchester, Ind. : 1908)</subfield></datafield><datafield ind1="0" ind2="7" tag="785"><subfield code="t">Winchester journal (Winchester, Ind. : 1868)</subfield><subfield code="x">2332-2721</subfield><subfield code="w">(DLC)sn 84038255</subfield><subfield code="w">(OCoLC)11266839</subfield></datafield><datafield ind1="0" ind2="7" tag="785"><subfield code="t">Winchester journal-herald</subfield><subfield code="w">(DLC)sn 86058547</subfield><subfield code="w">(OCoLC)13640822</subfield></datafield></record>